<?xml version="1.0" encoding="UTF-8"?><collection xmlns="http://www.loc.gov/MARC21/slim"><record><leader>00442nam--2200145-i-4500</leader><controlfield tag="001">000009247</controlfield><controlfield tag="002">20161230</controlfield><controlfield tag="005">20161230201028</controlfield><controlfield tag="008">060222s1000------------r-----000-0-eng-d</controlfield><datafield ind1=" " ind2=" " tag="080"><subfield code="a">621.3.029.6</subfield></datafield><datafield ind1=" " ind2=" " tag="100"><subfield code="a">Aulock, Wilhelm H. Von And Fay, Clifford E</subfield></datafield><datafield ind1=" " ind2=" " tag="245"><subfield code="a">Linear ferrite devices for microwave applications</subfield></datafield><datafield ind1=" " ind2=" " tag="260"><subfield code="a">New York, Academic Press, 1968 Xiv + 223 P</subfield></datafield><datafield ind1=" " ind2=" " tag="490"><subfield code="a">Advances In Electronics And Electron Physics</subfield></datafield><datafield ind1=" " ind2=" " tag="852"><subfield code="a">871</subfield></datafield></record></collection>